<?xml version="1.0" encoding="UTF-8"?><collection xmlns="http://www.loc.gov/MARC21/slim"><record><leader>00446nam--2200133-i-4500</leader><controlfield tag="001">000035791</controlfield><controlfield tag="002">20161230</controlfield><controlfield tag="005">20161230201040</controlfield><controlfield tag="008">060222s1000------------r-----000-0-eng-d</controlfield><datafield ind1=" " ind2=" " tag="080"><subfield code="a">548:539.2</subfield></datafield><datafield ind1=" " ind2=" " tag="245"><subfield code="a">Optical properties of ions in crystals. a conference held at the johns hopkins univ., baltimore, maryland, sept.12-14, 1966</subfield></datafield><datafield ind1=" " ind2=" " tag="260"><subfield code="a">New York, Interscience Publ., 1967, Xvi + 552p</subfield></datafield><datafield ind1=" " ind2=" " tag="700"><subfield code="a">Crosswhite, H.M.And Moos, H.W</subfield></datafield><datafield ind1=" " ind2=" " tag="852"><subfield code="a">28583</subfield></datafield></record></collection>